Country,City,Region,Segment,Date,Sales,Profit
Cote d'Ivoire,Abidjan,Western,Commercial,1/1/2013,$656.96 ,$6.57 
Madagascar,Antananarivo,Eastern,Public,1/1/2013,$875.94 ,($70.08)
Rwanda,Kigali,Eastern,Public,1/1/2013,$258.35 ,$18.08 
Zimbabwe,Harare,Eastern,Residential,1/1/2013,$875.62 ,($35.02)
Ethiopia,Addis Ababa,Eastern,Residential,1/2/2013,$509.93 ,$10.20 
Chad,N'Djamena,Middle,Commercial,1/3/2013,$443.13 ,$4.43 
Malawi,Blantyre,Eastern,Residential,1/3/2013,$651.78 ,$19.55 
Mauritius,Port Louis,Eastern,Public,1/3/2013,$896.64 ,($62.76)
Sao Tome and Principe,Sao Tome,Middle,Commercial,1/4/2013,$226.92 ,$13.62 
Burundi,Bujumbura,Eastern,Commercial,1/5/2013,$928.07 ,$74.25 
Cameroon,Yaoundé,Middle,Public,1/5/2013,$77.41 ,$3.87 
Cote d'Ivoire,Yamoussoukro,Western,Public,1/5/2013,$263.65 ,$10.55 
Nigeria,Lagos,Western,Residential,1/5/2013,$950.83 ,($47.54)
Senegal,Dakar,Western,Commercial,1/5/2013,$252.01 ,$22.68 
South Africa,Cape Town,Southern,Residential,1/5/2013,$173.98 ,($10.44)
Benin,Porto-Novo,Western,Residential,1/6/2013,$384.51 ,$34.61 
Sierra Leone,Freetown,Western,Residential,1/6/2013,$301.55 ,($6.03)
Equatorial Guinea,Malabo,Middle,Commercial,1/7/2013,$876.78 ,($43.84)
Western Sahara,Dakhla,Northern,Residential,1/7/2013,$235.84 ,($2.36)
Nigeria,Kano,Western,Public,1/8/2013,$580.55 ,($40.64)
Sudan,Khartoum,Northern,Residential,1/8/2013,$218.64 ,$17.49 
Algeria,Algiers,Northern,Residential,1/9/2013,$906.30 ,$9.06 
Eritrea,Asmara,Eastern,Commercial,1/10/2013,$791.98 ,$7.92 
Libya,Tripoli,Northern,Residential,1/10/2013,$643.73 ,$45.06 
Niger,Niamey,Western,Residential,1/10/2013,$3.30 ,($0.03)
Togo,Lome,Western,Residential,1/10/2013,$326.97 ,$22.89 
Guinea-Bissau,Bissau,Western,Commercial,1/12/2013,$28.16 ,$0.28 
United Republic of Tanzania,Dar es Salaam,Eastern,Residential,1/12/2013,$232.27 ,($2.32)
Ghana,Kumasi,Western,Residential,1/13/2013,$83.11 ,$8.31 
Botswana,Gaborone,Southern,Commercial,1/14/2013,$660.12 , $-   
Lesotho,Maseru,Southern,Commercial,1/14/2013,$153.27 ,$4.60 
Democratic Republic of the Congo,Lubumbashi,Middle,Public,1/15/2013,$40.85 ,($2.04)
Benin,Cotonou,Western,Residential,1/16/2013,$897.78 ,$53.87 
Burkina Faso,Ouagadougou,Western,Public,1/16/2013,$462.98 ,$37.04 
Somalia,Mogadishu,Eastern,Public,1/16/2013,$977.28 ,($9.77)
Cameroon,Douala,Middle,Public,1/17/2013,$918.82 ,$73.51 
Central African Republic,Bangui,Middle,Commercial,1/17/2013,$451.45 ,$36.12 
South Africa,Johannesburg,Southern,Residential,1/17/2013,$155.86 ,($4.68)
Gabon,Libreville,Middle,Commercial,1/18/2013,$984.20 ,$29.53 
Tunisia,Tunis,Northern,Commercial,1/18/2013,$60.05 ,($0.60)
Congo,Brazzaville,Middle,Commercial,1/19/2013,$306.10 , $-   
Mozambique,Maputo,Eastern,Residential,1/19/2013,$122.40 ,$9.79 
Namibia,Windhoek,Southern,Residential,1/19/2013,$598.62 ,$29.93 
Seychelles,Victoria,Eastern,Residential,1/19/2013,$90.78 ,($4.54)
Swaziland,Mbabane,Southern,Residential,1/19/2013,$864.78 ,($69.18)
Angola,Luanda,Middle,Residential,1/20/2013,$93.20 ,$7.46 
Malawi,Lilongwe,Eastern,Residential,1/22/2013,$841.00 ,$8.41 
South Africa,Durban,Southern,Commercial,1/22/2013,$290.43 ,($20.33)
South Africa,Pretoria,Southern,Residential,1/22/2013,$818.99 ,$8.19 
Mali,Bamako,Western,Residential,1/23/2013,$847.01 ,$42.35 
Uganda,Kampala,Eastern,Public,1/23/2013,$649.29 ,($51.94)
Ghana,Accra,Western,Commercial,1/24/2013,$209.95 ,$8.40 
Guinea,Conakry,Western,Public,1/24/2013,$188.89 ,$13.22 
Nigeria,Abuja,Western,Commercial,1/24/2013,$723.84 ,$7.24 
Nigeria,Ibadan,Western,Residential,1/24/2013,$315.60 ,$6.31 
Sudan,Khartoum,Northern,Public,1/24/2013,$120.67 ,$2.41 
Democratic Republic of the Congo,Mbuji-Mayi,Middle,Public,1/25/2013,$863.54 , $-   
South Sudan,Juba,Eastern,Public,1/25/2013,$359.89 ,($21.59)
Zambia,Lusaka,Eastern,Commercial,1/25/2013,$222.26 ,$20.00 
Djibouti,Djibouti,Eastern,Commercial,1/26/2013,$885.22 ,($26.56)
Kenya,Nairobi,Eastern,Residential,1/26/2013,$992.58 ,$49.63 
Democratic Republic of the Congo,Kinshasa,Middle,Commercial,1/27/2013,$366.62 ,$25.66 
Liberia,Monrovia,Western,Residential,1/27/2013,$936.97 ,($65.59)
Morocco,Rabat,Northern,Public,1/27/2013,$832.54 ,$58.28 
Egypt,Cairo,Northern,Residential,1/28/2013,$761.05 ,$60.88 
Mauritania,Nouakchott,Western,Public,1/28/2013,$211.03 ,$12.66 
Burkina Faso,Ouagadougou,Western,Residential,2/2/2013,$638.38 ,($6.38)
Mozambique,Maputo,Eastern,Public,2/5/2013,$357.17 ,$32.15 
Ghana,Kumasi,Western,Commercial,2/12/2013,$392.84 ,($15.71)
Ghana,Accra,Western,Residential,2/13/2013,$67.29 ,$6.06 
Guinea,Conakry,Western,Public,2/15/2013,$825.78 ,$33.03 
Algeria,Algiers,Northern,Residential,2/18/2013,$385.71 ,($30.86)
Cote d'Ivoire,Yamoussoukro,Western,Commercial,2/18/2013,$436.30 ,($17.45)
United Republic of Tanzania,Dar es Salaam,Eastern,Commercial,2/18/2013,$401.85 ,$4.02 
Democratic Republic of the Congo,Mbuji-Mayi,Middle,Residential,2/19/2013,$246.28 ,$12.31 
Equatorial Guinea,Malabo,Middle,Residential,2/20/2013,$996.56 ,$9.97 
Sudan,Khartoum,Northern,Public,2/21/2013,$99.20 ,$7.94 
Senegal,Dakar,Western,Residential,2/25/2013,$193.94 ,($11.64)
Nigeria,Lagos,Western,Residential,2/26/2013,$316.67 ,($12.67)
Uganda,Kampala,Eastern,Residential,2/27/2013,$983.55 ,$19.67 
Eritrea,Asmara,Eastern,Public,2/28/2013,$196.57 ,$13.76 
Libya,Tripoli,Northern,Commercial,2/28/2013,$258.25 ,($15.50)
Burundi,Bujumbura,Eastern,Public,3/2/2013,$428.05 ,($4.28)
Gabon,Libreville,Middle,Public,3/3/2013,$952.76 ,$38.11 
Zimbabwe,Harare,Eastern,Residential,3/3/2013,$391.72 ,($3.92)
Central African Republic,Bangui,Middle,Residential,3/5/2013,$363.30 ,$7.27 
South Sudan,Juba,Eastern,Public,3/6/2013,$165.99 ,($11.62)
Sao Tome and Principe,Sao Tome,Middle,Public,3/7/2013,$921.82 ,$55.31 
Cote d'Ivoire,Abidjan,Western,Public,3/10/2013,$597.21 , $-   
South Africa,Durban,Southern,Residential,3/10/2013,$397.52 ,($7.95)
Mauritius,Port Louis,Eastern,Public,3/12/2013,$488.55 , $-   
Togo,Lome,Western,Public,3/12/2013,$155.31 ,$4.66 
Rwanda,Kigali,Eastern,Commercial,3/17/2013,$322.84 ,($9.69)
Madagascar,Antananarivo,Eastern,Commercial,3/18/2013,$157.77 ,($4.73)
Nigeria,Ibadan,Western,Residential,3/18/2013,$966.47 ,$86.98 
Egypt,Cairo,Northern,Residential,3/20/2013,$444.69 ,$13.34 
Liberia,Monrovia,Western,Commercial,3/22/2013,$301.63 ,($9.05)
Cameroon,Yaoundé,Middle,Public,3/25/2013,$736.79 ,$22.10 
Namibia,Windhoek,Southern,Residential,3/26/2013,$69.70 ,$6.97 
Western Sahara,Dakhla,Northern,Public,4/4/2013,$761.86 ,$45.71 
Benin,Porto-Novo,Western,Commercial,4/9/2013,$989.86 ,$69.29 
Malawi,Lilongwe,Eastern,Residential,4/9/2013,$809.98 ,$40.50 
Sudan,Khartoum,Northern,Residential,4/13/2013,$580.98 ,$23.24 
Guinea-Bissau,Bissau,Western,Residential,4/21/2013,$559.51 ,$22.38 
South Africa,Pretoria,Southern,Commercial,4/23/2013,$1.39 ,($0.06)
Democratic Republic of the Congo,Lubumbashi,Middle,Public,4/24/2013,$447.06 ,($26.82)
Niger,Niamey,Western,Commercial,4/24/2013,$59.99 ,($4.80)
Tunisia,Tunis,Northern,Commercial,4/25/2013,$772.52 ,($46.35)
Nigeria,Kano,Western,Commercial,4/26/2013,$626.23 ,($31.31)
Benin,Cotonou,Western,Commercial,4/27/2013,$435.48 ,$8.71 
Ethiopia,Addis Ababa,Eastern,Commercial,5/2/2013,$600.36 ,$6.00 
Congo,Brazzaville,Middle,Residential,5/4/2013,$949.63 ,($47.48)
Guinea,Conakry,Western,Public,5/4/2013,$10.69 ,($0.75)
Tunisia,Tunis,Northern,Commercial,5/4/2013,$875.36 ,$43.77 
Benin,Porto-Novo,Western,Public,5/7/2013,$986.77 ,($29.60)
Cameroon,Douala,Middle,Public,5/7/2013,$678.52 ,($27.14)
Guinea-Bissau,Bissau,Western,Residential,5/7/2013,$782.81 ,$54.80 
Gabon,Libreville,Middle,Residential,5/9/2013,$914.72 , $-   
Botswana,Gaborone,Southern,Commercial,5/10/2013,$953.86 ,$95.39 
Lesotho,Maseru,Southern,Public,5/10/2013,$484.25 ,$33.90 
Sudan,Khartoum,Northern,Residential,5/11/2013,$921.68 ,$36.87 
Zambia,Lusaka,Eastern,Public,5/12/2013,$751.73 ,($15.03)
Cameroon,Yaoundé,Middle,Public,5/13/2013,$865.75 ,($51.95)
Somalia,Mogadishu,Eastern,Commercial,5/14/2013,$673.55 ,($13.47)
Eritrea,Asmara,Eastern,Residential,5/15/2013,$857.28 ,($34.29)
Egypt,Cairo,Northern,Commercial,5/18/2013,$510.23 ,$20.41 
Angola,Luanda,Middle,Residential,5/22/2013,$688.25 ,$68.83 
Mauritania,Nouakchott,Western,Public,5/23/2013,$42.63 ,$2.98 
Morocco,Rabat,Northern,Commercial,5/23/2013,$703.93 ,($35.20)
Swaziland,Mbabane,Southern,Public,5/23/2013,$760.70 ,$30.43 
Democratic Republic of the Congo,Kinshasa,Middle,Commercial,5/24/2013,$335.87 ,$30.23 
Togo,Lome,Western,Commercial,6/1/2013,$572.06 ,$17.16 
Burundi,Bujumbura,Eastern,Public,6/2/2013,$542.68 , $-   
Congo,Brazzaville,Middle,Residential,6/2/2013,$725.91 ,$58.07 
Mali,Bamako,Western,Public,6/3/2013,$242.34 ,($16.96)
Cameroon,Douala,Middle,Commercial,6/4/2013,$52.91 ,$2.12 
Djibouti,Djibouti,Eastern,Residential,6/4/2013,$724.69 ,($7.25)
Mozambique,Maputo,Eastern,Residential,6/4/2013,$986.39 ,($19.73)
South Africa,Pretoria,Southern,Commercial,6/6/2013,$793.52 ,$39.68 
Sierra Leone,Freetown,Western,Commercial,6/7/2013,$695.88 ,($13.92)
South Africa,Johannesburg,Southern,Public,6/7/2013,$686.67 ,$48.07 
Libya,Tripoli,Northern,Public,6/8/2013,$587.33 ,($5.87)
Chad,N'Djamena,Middle,Commercial,6/9/2013,$35.55 ,$3.20 
Nigeria,Abuja,Western,Commercial,6/9/2013,$652.21 ,$58.70 
Seychelles,Victoria,Eastern,Residential,6/10/2013,$40.12 ,($1.60)
Rwanda,Kigali,Eastern,Public,6/13/2013,$736.43 ,$14.73 
Kenya,Nairobi,Eastern,Residential,6/17/2013,$70.94 ,$2.84 
Malawi,Blantyre,Eastern,Commercial,6/17/2013,$130.06 ,$10.40 
Mauritania,Nouakchott,Western,Public,6/18/2013,$796.23 ,$55.74 
South Africa,Johannesburg,Southern,Residential,6/18/2013,$981.17 ,($29.44)
Malawi,Lilongwe,Eastern,Residential,6/19/2013,$45.51 ,$3.19 
Zimbabwe,Harare,Eastern,Residential,6/20/2013,$451.47 ,($31.60)
South Africa,Cape Town,Southern,Public,6/23/2013,$478.39 ,$19.14 
Kenya,Nairobi,Eastern,Residential,6/24/2013,$904.98 ,($72.40)
Liberia,Monrovia,Western,Residential,6/27/2013,$480.03 ,$4.80 
Central African Republic,Bangui,Middle,Public,7/1/2013,$76.46 ,$3.82 
Cote d'Ivoire,Abidjan,Western,Residential,7/2/2013,$977.84 ,($58.67)
Botswana,Gaborone,Southern,Commercial,7/3/2013,$874.66 ,$78.72 
Uganda,Kampala,Eastern,Public,7/4/2013,$168.20 ,$3.36 
Ethiopia,Addis Ababa,Eastern,Public,7/6/2013,$18.17 ,$0.73 
Sao Tome and Principe,Sao Tome,Middle,Commercial,7/7/2013,$591.09 ,($5.91)
Malawi,Blantyre,Eastern,Commercial,7/8/2013,$826.12 ,$33.04 
Madagascar,Antananarivo,Eastern,Residential,7/12/2013,$787.38 ,($15.75)
South Africa,Durban,Southern,Public,7/12/2013,$883.26 ,$44.16 
Ghana,Kumasi,Western,Residential,7/14/2013,$977.69 ,($9.78)
Angola,Luanda,Middle,Public,7/15/2013,$453.66 ,$45.37 
Nigeria,Lagos,Western,Public,7/18/2013,$303.31 ,$3.03 
Sudan,Khartoum,Northern,Public,7/18/2013,$593.17 ,($41.52)
Sierra Leone,Freetown,Western,Public,7/21/2013,$238.65 ,$2.39 
Nigeria,Ibadan,Western,Residential,7/24/2013,$458.22 ,($32.08)
Chad,N'Djamena,Middle,Commercial,7/26/2013,$85.19 ,($2.56)
Western Sahara,Dakhla,Northern,Public,7/28/2013,$737.15 ,$51.60 
Malawi,Blantyre,Eastern,Public,8/2/2013,$799.11 ,($47.95)
Egypt,Cairo,Northern,Commercial,8/5/2013,$928.29 ,$46.41 
Namibia,Windhoek,Southern,Residential,8/6/2013,$953.13 ,($38.13)
Djibouti,Djibouti,Eastern,Residential,8/7/2013,$782.06 ,($15.64)
Mali,Bamako,Western,Public,8/7/2013,$97.90 ,($5.87)
South Sudan,Juba,Eastern,Public,8/7/2013,$443.60 ,($26.62)
Nigeria,Abuja,Western,Public,8/8/2013,$936.65 ,($56.20)
Somalia,Mogadishu,Eastern,Residential,8/8/2013,$320.90 ,($19.25)
Senegal,Dakar,Western,Residential,8/9/2013,$276.04 ,$24.84 
South Africa,Cape Town,Southern,Residential,8/9/2013,$539.01 ,($43.12)
Cote d'Ivoire,Abidjan,Western,Residential,8/11/2013,$660.79 ,($26.43)
Swaziland,Mbabane,Southern,Public,8/11/2013,$699.75 ,($20.99)
Sao Tome and Principe,Sao Tome,Middle,Commercial,8/13/2013,$105.81 ,$3.17 
Tunisia,Tunis,Northern,Public,8/13/2013,$701.35 ,$56.11 
Swaziland,Mbabane,Southern,Residential,8/14/2013,$480.82 ,$9.62 
Morocco,Rabat,Northern,Public,8/17/2013,$241.48 ,($4.83)
Democratic Republic of the Congo,Mbuji-Mayi,Middle,Public,8/18/2013,$112.30 ,$4.49 
Angola,Luanda,Middle,Public,8/20/2013,$216.35 ,$2.16 
Liberia,Monrovia,Western,Public,8/21/2013,$78.12 ,($5.47)
Senegal,Dakar,Western,Commercial,8/21/2013,$218.25 ,($10.91)
South Africa,Pretoria,Southern,Commercial,8/21/2013,$544.34 ,$54.43 
Zambia,Lusaka,Eastern,Public,8/21/2013,$353.92 ,($24.77)
Namibia,Windhoek,Southern,Public,8/23/2013,$659.86 ,($6.60)
Sudan,Khartoum,Northern,Residential,8/23/2013,$126.44 ,$5.06 
Equatorial Guinea,Malabo,Middle,Commercial,8/24/2013,$736.28 ,$29.45 
Democratic Republic of the Congo,Kinshasa,Middle,Public,8/25/2013,$358.47 ,$10.75 
Democratic Republic of the Congo,Lubumbashi,Middle,Commercial,8/26/2013,$895.59 ,$80.60 
Democratic Republic of the Congo,Kinshasa,Middle,Commercial,8/26/2013,$930.49 ,($27.91)
Nigeria,Lagos,Western,Public,9/1/2013,$368.00 ,($22.08)
Ghana,Accra,Western,Public,9/2/2013,$142.12 , $-   
Cameroon,Douala,Middle,Public,9/3/2013,$609.53 ,$42.67 
Benin,Cotonou,Western,Public,9/4/2013,$739.48 ,($7.39)
Lesotho,Maseru,Southern,Commercial,9/4/2013,$517.81 ,$41.42 
Algeria,Algiers,Northern,Commercial,9/5/2013,$723.41 ,$36.17 
Cote d'Ivoire,Yamoussoukro,Western,Commercial,9/6/2013,$229.43 ,($18.35)
Mauritius,Port Louis,Eastern,Commercial,9/6/2013,$512.94 ,$25.65 
Niger,Niamey,Western,Public,9/6/2013,$665.20 ,($46.56)
Gabon,Libreville,Middle,Commercial,9/10/2013,$950.34 ,($66.52)
Mauritania,Nouakchott,Western,Commercial,9/10/2013,$573.76 ,($34.43)
Cote d'Ivoire,Yamoussoukro,Western,Residential,9/12/2013,$801.00 ,($40.05)
Somalia,Mogadishu,Eastern,Commercial,9/13/2013,$668.57 ,$60.17 
Seychelles,Victoria,Eastern,Public,9/14/2013,$576.87 ,($23.07)
Seychelles,Victoria,Eastern,Public,9/14/2013,$916.42 , $-   
Rwanda,Kigali,Eastern,Public,9/15/2013,$264.47 ,($5.29)
Sierra Leone,Freetown,Western,Residential,9/17/2013,$911.76 , $-   
Central African Republic,Bangui,Middle,Commercial,9/18/2013,$973.93 ,$19.48 
Equatorial Guinea,Malabo,Middle,Commercial,9/18/2013,$420.68 ,$4.21 
Niger,Niamey,Western,Public,9/20/2013,$327.81 ,$16.39 
Burkina Faso,Ouagadougou,Western,Commercial,9/21/2013,$745.22 ,($29.81)
United Republic of Tanzania,Dar es Salaam,Eastern,Public,9/21/2013,$196.25 ,($15.70)
Mali,Bamako,Western,Residential,9/22/2013,$401.71 ,($32.14)
Nigeria,Kano,Western,Public,9/25/2013,$717.72 ,($35.89)
Nigeria,Ibadan,Western,Commercial,9/26/2013,$365.58 ,($29.25)
South Africa,Durban,Southern,Public,9/26/2013,$621.63 ,$62.16 
Lesotho,Maseru,Southern,Public,9/27/2013,$607.46 ,$24.30 
Djibouti,Djibouti,Eastern,Residential,9/28/2013,$613.10 ,$36.79 
Zambia,Lusaka,Eastern,Residential,9/28/2013,$627.11 ,$37.63 
South Sudan,Juba,Eastern,Residential,10/2/2013,$372.63 ,($22.36)
Eritrea,Asmara,Eastern,Residential,10/3/2013,$155.37 ,($1.55)
Mauritius,Port Louis,Eastern,Public,10/4/2013,$223.29 ,$11.16 
Cameroon,Yaoundé,Middle,Residential,10/5/2013,$466.81 ,($23.34)
Burkina Faso,Ouagadougou,Western,Public,10/6/2013,$488.98 ,($29.34)
Burundi,Bujumbura,Eastern,Public,10/8/2013,$81.63 ,$0.82 
Ethiopia,Addis Ababa,Eastern,Public,10/9/2013,$386.59 ,($23.20)
Congo,Brazzaville,Middle,Commercial,10/11/2013,$483.35 ,($33.83)
Botswana,Gaborone,Southern,Residential,10/12/2013,$114.52 ,($3.44)
Chad,N'Djamena,Middle,Commercial,10/16/2013,$704.01 ,$28.16 
United Republic of Tanzania,Dar es Salaam,Eastern,Public,10/18/2013,$434.34 ,$34.75 
Nigeria,Abuja,Western,Residential,10/21/2013,$473.33 ,$28.40 
Guinea-Bissau,Bissau,Western,Public,10/22/2013,$812.02 ,$40.60 
Togo,Lome,Western,Commercial,10/23/2013,$885.66 ,($70.85)
Madagascar,Antananarivo,Eastern,Residential,10/28/2013,$947.92 ,$37.92 
Kenya,Nairobi,Eastern,Public,11/3/2013,$341.57 ,($10.25)
Sudan,Khartoum,Northern,Commercial,11/5/2013,$541.59 ,$43.33 
Guinea,Conakry,Western,Commercial,11/10/2013,$291.86 ,($17.51)
Ghana,Accra,Western,Public,11/13/2013,$831.92 ,$49.92 
Ghana,Kumasi,Western,Residential,11/14/2013,$900.53 ,($72.04)
Algeria,Algiers,Northern,Commercial,11/17/2013,$852.33 ,($34.09)
Benin,Porto-Novo,Western,Commercial,11/18/2013,$243.26 ,($9.73)
South Africa,Johannesburg,Southern,Residential,11/19/2013,$957.83 ,($76.63)
Morocco,Rabat,Northern,Residential,11/23/2013,$855.42 ,$51.33 
Malawi,Lilongwe,Eastern,Public,11/24/2013,$159.38 ,($12.75)
Libya,Tripoli,Northern,Residential,12/3/2013,$823.82 ,$16.48 
Democratic Republic of the Congo,Mbuji-Mayi,Middle,Residential,12/5/2013,$470.83 ,($14.12)
Uganda,Kampala,Eastern,Commercial,12/10/2013,$284.57 ,$2.85 
Western Sahara,Dakhla,Northern,Commercial,12/15/2013,$601.87 ,$60.19 
Democratic Republic of the Congo,Lubumbashi,Middle,Commercial,12/20/2013,$788.25 ,$39.41 
South Africa,Cape Town,Southern,Residential,12/20/2013,$819.25 ,$24.58 
Zimbabwe,Harare,Eastern,Commercial,12/21/2013,$231.41 ,($4.63)
Nigeria,Kano,Western,Public,12/26/2013,$572.13 ,$17.16 
Benin,Cotonou,Western,Commercial,12/27/2013,$431.00 ,($21.55)
Mozambique,Maputo,Eastern,Public,12/27/2013,$183.56 ,($7.34)
Uganda,Kampala,Eastern,Public,1/1/2014,$202.35 ,$14.16 
Burkina Faso,Ouagadougou,Western,Commercial,1/2/2014,$953.96 ,$28.62 
Democratic Republic of the Congo,Mbuji-Mayi,Middle,Commercial,1/2/2014,$112.21 ,($8.98)
Madagascar,Antananarivo,Eastern,Public,1/3/2014,$893.28 ,($71.46)
Mali,Bamako,Western,Commercial,1/3/2014,$305.74 ,($9.17)
Nigeria,Kano,Western,Public,1/3/2014,$44.75 ,$4.03 
Liberia,Monrovia,Western,Residential,1/4/2014,$634.05 ,($50.72)
Algeria,Algiers,Northern,Commercial,1/5/2014,$694.60 ,$55.57 
Nigeria,Abuja,Western,Commercial,1/6/2014,$515.69 ,($20.63)
Morocco,Rabat,Northern,Public,1/7/2014,$301.61 ,$30.16 
Tunisia,Tunis,Northern,Commercial,1/7/2014,$403.54 ,$36.32 
Malawi,Lilongwe,Eastern,Residential,1/8/2014,$794.58 ,$23.84 
Sierra Leone,Freetown,Western,Commercial,1/8/2014,$436.28 ,$17.45 
South Africa,Cape Town,Southern,Residential,1/8/2014,$853.09 ,$17.06 
South Africa,Pretoria,Southern,Residential,1/8/2014,$742.07 ,$66.79 
Benin,Cotonou,Western,Public,1/9/2014,$628.33 ,$56.55 
Djibouti,Djibouti,Eastern,Residential,1/9/2014,$52.48 ,$1.05 
Lesotho,Maseru,Southern,Commercial,1/9/2014,$711.29 ,$56.90 
Malawi,Blantyre,Eastern,Commercial,1/9/2014,$563.74 ,$22.55 
Eritrea,Asmara,Eastern,Commercial,1/11/2014,$980.35 ,$88.23 
Gabon,Libreville,Middle,Residential,1/11/2014,$651.85 ,$13.04 
Angola,Luanda,Middle,Commercial,1/12/2014,$46.15 ,($3.23)
Burundi,Bujumbura,Eastern,Residential,1/13/2014,$349.79 ,($27.98)
Cote d'Ivoire,Abidjan,Western,Public,1/13/2014,$87.93 ,$5.28 
Sao Tome and Principe,Sao Tome,Middle,Residential,1/13/2014,$386.89 ,($19.34)
Cote d'Ivoire,Yamoussoukro,Western,Commercial,1/14/2014,$894.21 ,($71.54)
Mauritius,Port Louis,Eastern,Commercial,1/14/2014,$352.89 ,$31.76 
Sudan,Khartoum,Northern,Residential,1/14/2014,$694.54 ,$6.95 
Congo,Brazzaville,Middle,Commercial,1/15/2014,$744.63 ,($14.89)
Libya,Tripoli,Northern,Residential,1/15/2014,$740.66 ,$74.07 
Mozambique,Maputo,Eastern,Public,1/15/2014,$717.16 ,($7.17)
Senegal,Dakar,Western,Public,1/15/2014,$890.82 ,($71.27)
Swaziland,Mbabane,Southern,Residential,1/15/2014,$971.11 ,$67.98 
Chad,N'Djamena,Middle,Commercial,1/16/2014,$668.57 , $-   
Ethiopia,Addis Ababa,Eastern,Commercial,1/16/2014,$932.04 ,$74.56 
Niger,Niamey,Western,Commercial,1/16/2014,$966.64 ,($19.33)
Rwanda,Kigali,Eastern,Residential,1/16/2014,$684.43 ,($41.07)
Zambia,Lusaka,Eastern,Commercial,1/16/2014,$371.36 ,($29.71)
Central African Republic,Bangui,Middle,Public,1/17/2014,$669.90 ,$33.50 
Ghana,Accra,Western,Commercial,1/17/2014,$826.48 ,($8.26)
Benin,Porto-Novo,Western,Residential,1/18/2014,$343.36 ,$27.47 
Cameroon,Yaoundé,Middle,Public,1/18/2014,$523.18 ,($10.46)
Equatorial Guinea,Malabo,Middle,Commercial,1/18/2014,$32.98 ,($2.64)
Kenya,Nairobi,Eastern,Public,1/18/2014,$34.43 ,($1.38)
Sudan,Khartoum,Northern,Residential,1/18/2014,$363.10 ,$29.05 
Guinea,Conakry,Western,Commercial,1/19/2014,$270.56 ,($10.82)
Namibia,Windhoek,Southern,Commercial,1/19/2014,$84.09 ,($2.52)
Togo,Lome,Western,Commercial,1/19/2014,$114.71 ,($2.29)
Democratic Republic of the Congo,Lubumbashi,Middle,Public,1/20/2014,$115.00 ,$1.15 
Ghana,Kumasi,Western,Commercial,1/21/2014,$102.10 ,($5.11)
United Republic of Tanzania,Dar es Salaam,Eastern,Commercial,1/21/2014,$575.53 , $-   
Egypt,Cairo,Northern,Public,1/22/2014,$120.75 ,$1.21 
South Africa,Durban,Southern,Commercial,1/22/2014,$959.33 ,($47.97)
Zimbabwe,Harare,Eastern,Public,1/22/2014,$337.98 ,$13.52 
Botswana,Gaborone,Southern,Residential,1/23/2014,$498.16 ,$34.87 
Nigeria,Lagos,Western,Residential,1/23/2014,$213.25 ,($14.93)
Seychelles,Victoria,Eastern,Public,1/23/2014,$165.84 ,($1.66)
South Africa,Johannesburg,Southern,Commercial,1/24/2014,$402.33 ,$40.23 
South Sudan,Juba,Eastern,Residential,1/24/2014,$771.70 ,$30.87 
Somalia,Mogadishu,Eastern,Commercial,1/25/2014,$328.62 ,$32.86 
Cameroon,Douala,Middle,Commercial,1/26/2014,$18.45 ,($0.37)
Democratic Republic of the Congo,Kinshasa,Middle,Residential,1/27/2014,$750.42 , $-   
Guinea-Bissau,Bissau,Western,Public,1/27/2014,$311.31 , $-   
Mauritania,Nouakchott,Western,Residential,1/28/2014,$702.51 ,$21.08 
Nigeria,Ibadan,Western,Commercial,1/28/2014,$7.23 ,$0.72 
Western Sahara,Dakhla,Northern,Commercial,1/28/2014,$623.24 ,($43.63)
Burkina Faso,Ouagadougou,Western,Residential,2/4/2014,$960.39 ,($76.83)
Congo,Brazzaville,Middle,Commercial,2/4/2014,$277.93 ,$8.34 
Benin,Cotonou,Western,Commercial,2/7/2014,$435.40 ,$39.19 
Nigeria,Ibadan,Western,Commercial,2/8/2014,$732.29 ,$65.91 
United Republic of Tanzania,Dar es Salaam,Eastern,Commercial,2/8/2014,$1.14 ,$0.06 
Cameroon,Douala,Middle,Public,2/9/2014,$213.92 ,($4.28)
Malawi,Blantyre,Eastern,Commercial,2/9/2014,$531.53 ,$53.15 
Tunisia,Tunis,Northern,Residential,2/12/2014,$423.89 ,$38.15 
Kenya,Nairobi,Eastern,Residential,2/13/2014,$391.21 ,($23.47)
Cameroon,Yaoundé,Middle,Commercial,2/21/2014,$168.89 ,($3.38)
Eritrea,Asmara,Eastern,Commercial,2/22/2014,$150.97 ,($6.04)
Sudan,Khartoum,Northern,Commercial,2/23/2014,$838.72 ,$50.32 
Ghana,Accra,Western,Residential,2/24/2014,$539.14 ,($26.96)
Sierra Leone,Freetown,Western,Commercial,3/1/2014,$651.64 ,$58.65 
South Africa,Cape Town,Southern,Commercial,3/1/2014,$767.05 ,$46.02 
South Africa,Durban,Southern,Commercial,3/5/2014,$294.77 ,$11.79 
Algeria,Algiers,Northern,Commercial,3/6/2014,$49.05 ,($2.94)
Botswana,Gaborone,Southern,Residential,3/6/2014,$885.21 ,$35.41 
Mauritania,Nouakchott,Western,Commercial,3/7/2014,$320.12 ,($3.20)
Guinea,Conakry,Western,Commercial,3/8/2014,$412.85 ,($28.90)
Djibouti,Djibouti,Eastern,Residential,3/10/2014,$369.62 ,($7.39)
Seychelles,Victoria,Eastern,Commercial,3/10/2014,$654.76 ,$6.55 
Chad,N'Djamena,Middle,Public,3/12/2014,$208.32 ,$4.17 
Togo,Lome,Western,Residential,3/15/2014,$283.56 ,$22.68 
Swaziland,Mbabane,Southern,Public,3/18/2014,$457.57 ,$41.18 
Nigeria,Kano,Western,Public,3/19/2014,$90.67 ,$1.81 
Rwanda,Kigali,Eastern,Residential,3/19/2014,$648.37 , $-   
Senegal,Dakar,Western,Commercial,3/19/2014,$494.93 ,($34.65)
South Africa,Pretoria,Southern,Residential,3/20/2014,$446.16 ,$44.62 
Guinea-Bissau,Bissau,Western,Public,3/27/2014,$579.46 ,$5.79 
Lesotho,Maseru,Southern,Public,4/2/2014,$635.88 ,($50.87)
Zambia,Lusaka,Eastern,Residential,4/6/2014,$339.73 ,$10.19 
Somalia,Mogadishu,Eastern,Residential,4/8/2014,$29.20 ,$2.63 
Uganda,Kampala,Eastern,Commercial,4/9/2014,$239.40 ,($9.58)
Gabon,Libreville,Middle,Residential,4/10/2014,$183.00 ,$16.47 
Central African Republic,Bangui,Middle,Residential,4/11/2014,$995.01 ,($59.70)
Democratic Republic of the Congo,Lubumbashi,Middle,Residential,4/12/2014,$34.82 ,$3.13 
Cote d'Ivoire,Yamoussoukro,Western,Residential,4/16/2014,$362.31 ,$25.36 
Sudan,Khartoum,Northern,Public,4/17/2014,$388.33 ,$7.77 
Egypt,Cairo,Northern,Residential,4/19/2014,$371.52 ,($18.58)
Equatorial Guinea,Malabo,Middle,Public,4/19/2014,$301.10 ,$9.03 
Nigeria,Abuja,Western,Public,4/19/2014,$819.48 ,($16.39)
Democratic Republic of the Congo,Mbuji-Mayi,Middle,Commercial,4/24/2014,$736.06 ,$44.16 
Western Sahara,Dakhla,Northern,Commercial,4/25/2014,$440.80 ,$30.86 
Ghana,Kumasi,Western,Residential,4/28/2014,$783.41 ,$23.50 
Benin,Porto-Novo,Western,Public,5/1/2014,$121.87 ,($9.75)
Libya,Tripoli,Northern,Public,5/1/2014,$389.55 ,$7.79 
Cote d'Ivoire,Abidjan,Western,Commercial,5/5/2014,$237.28 ,($2.37)
Malawi,Lilongwe,Eastern,Residential,5/6/2014,$972.34 ,$19.45 
South Africa,Johannesburg,Southern,Residential,5/8/2014,$935.72 ,$65.50 
South Sudan,Juba,Eastern,Residential,5/8/2014,$545.16 ,$32.71 
Chad,N'Djamena,Middle,Residential,5/10/2014,$432.43 ,$30.27 
Liberia,Monrovia,Western,Residential,5/14/2014,$236.50 ,($18.92)
South Sudan,Juba,Eastern,Residential,5/14/2014,$567.30 ,$39.71 
Zambia,Lusaka,Eastern,Residential,5/14/2014,$784.66 ,($54.93)
Benin,Cotonou,Western,Commercial,5/15/2014,$314.20 ,$3.14 
Burundi,Bujumbura,Eastern,Residential,5/15/2014,$472.26 ,$9.45 
Mali,Bamako,Western,Residential,5/15/2014,$265.44 ,$15.93 
Nigeria,Lagos,Western,Public,5/15/2014,$356.19 ,$24.93 
Sudan,Khartoum,Northern,Public,5/17/2014,$566.80 ,($45.34)
Senegal,Dakar,Western,Commercial,5/18/2014,$101.35 ,$1.01 
Swaziland,Mbabane,Southern,Public,5/18/2014,$989.02 ,$89.01 
Angola,Luanda,Middle,Commercial,5/19/2014,$691.80 ,($20.75)
Mozambique,Maputo,Eastern,Public,5/19/2014,$582.09 ,$34.93 
Democratic Republic of the Congo,Kinshasa,Middle,Residential,5/20/2014,$18.24 ,($0.36)
Mauritius,Port Louis,Eastern,Residential,5/23/2014,$442.97 ,$44.30 
South Africa,Durban,Southern,Residential,5/24/2014,$563.87 ,$56.39 
Egypt,Cairo,Northern,Residential,5/28/2014,$382.78 ,$34.45 
Lesotho,Maseru,Southern,Residential,5/28/2014,$122.51 ,($7.35)
Madagascar,Antananarivo,Eastern,Residential,6/4/2014,$247.00 ,$4.94 
Benin,Porto-Novo,Western,Commercial,6/7/2014,$922.70 ,($36.91)
Niger,Niamey,Western,Residential,6/9/2014,$512.06 ,$46.09 
Burkina Faso,Ouagadougou,Western,Public,6/10/2014,$994.43 ,$9.94 
South Africa,Johannesburg,Southern,Residential,6/10/2014,$833.14 ,($33.33)
Morocco,Rabat,Northern,Public,6/11/2014,$115.90 ,$4.64 
Namibia,Windhoek,Southern,Public,6/11/2014,$388.75 ,($23.33)
Nigeria,Lagos,Western,Public,6/11/2014,$608.26 ,($36.50)
Democratic Republic of the Congo,Kinshasa,Middle,Residential,6/12/2014,$946.53 ,$85.19 
Angola,Luanda,Middle,Public,6/14/2014,$51.41 ,$0.51 
Malawi,Lilongwe,Eastern,Residential,6/14/2014,$490.32 ,($34.32)
South Africa,Pretoria,Southern,Commercial,6/14/2014,$439.53 ,$30.77 
Cote d'Ivoire,Abidjan,Western,Commercial,6/15/2014,$884.13 ,($70.73)
Ethiopia,Addis Ababa,Eastern,Commercial,6/16/2014,$386.49 ,$27.05 
Rwanda,Kigali,Eastern,Public,6/18/2014,$646.27 ,$45.24 
Ethiopia,Addis Ababa,Eastern,Commercial,6/19/2014,$481.26 ,$38.50 
Djibouti,Djibouti,Eastern,Residential,6/22/2014,$688.39 ,($20.65)
Madagascar,Antananarivo,Eastern,Residential,6/22/2014,$677.49 ,$33.87 
Morocco,Rabat,Northern,Public,6/22/2014,$65.69 ,$4.60 
Namibia,Windhoek,Southern,Public,6/23/2014,$400.51 ,($4.01)
Botswana,Gaborone,Southern,Public,6/25/2014,$430.46 ,$25.83 
Democratic Republic of the Congo,Mbuji-Mayi,Middle,Residential,6/25/2014,$175.92 ,($3.52)
Libya,Tripoli,Northern,Public,6/26/2014,$591.32 ,$17.74 
Sao Tome and Principe,Sao Tome,Middle,Residential,6/26/2014,$116.72 ,$9.34 
Sao Tome and Principe,Sao Tome,Middle,Commercial,6/26/2014,$344.00 ,$10.32 
Zimbabwe,Harare,Eastern,Commercial,6/27/2014,$976.54 ,$58.59 
Congo,Brazzaville,Middle,Residential,6/28/2014,$983.19 ,$78.66 
Algeria,Algiers,Northern,Commercial,7/3/2014,$422.63 ,$16.91 
Nigeria,Ibadan,Western,Public,7/5/2014,$922.03 ,$27.66 
Democratic Republic of the Congo,Lubumbashi,Middle,Commercial,7/9/2014,$697.67 ,($13.95)
Niger,Niamey,Western,Residential,7/13/2014,$471.58 ,($23.58)
Sudan,Khartoum,Northern,Commercial,7/16/2014,$691.44 ,($41.49)
Liberia,Monrovia,Western,Residential,7/19/2014,$50.48 ,($4.04)
Central African Republic,Bangui,Middle,Residential,7/20/2014,$218.69 ,($2.19)
South Africa,Cape Town,Southern,Public,7/21/2014,$462.64 ,$4.63 
Guinea-Bissau,Bissau,Western,Commercial,7/24/2014,$861.50 ,$60.31 
Mauritania,Nouakchott,Western,Public,7/24/2014,$347.85 ,($13.91)
Tunisia,Tunis,Northern,Residential,7/27/2014,$628.53 ,$37.71 
Namibia,Windhoek,Southern,Residential,8/2/2014,$234.66 , $-   
Mauritius,Port Louis,Eastern,Commercial,8/4/2014,$153.13 ,($10.72)
Mauritania,Nouakchott,Western,Commercial,8/6/2014,$741.03 ,$66.69 
Equatorial Guinea,Malabo,Middle,Public,8/7/2014,$966.99 ,($19.34)
Togo,Lome,Western,Residential,8/7/2014,$10.76 ,$0.54 
Malawi,Blantyre,Eastern,Commercial,8/8/2014,$818.95 ,$8.19 
Malawi,Lilongwe,Eastern,Public,8/10/2014,$753.87 ,($37.69)
Mali,Bamako,Western,Residential,8/11/2014,$679.85 ,$33.99 
Uganda,Kampala,Eastern,Residential,8/13/2014,$634.20 ,($44.39)
Nigeria,Kano,Western,Commercial,8/14/2014,$56.22 ,$1.12 
Guinea-Bissau,Bissau,Western,Public,8/15/2014,$285.13 ,$8.55 
Cameroon,Douala,Middle,Residential,8/16/2014,$542.43 ,($43.39)
South Africa,Durban,Southern,Public,8/17/2014,$857.70 ,($42.89)
Malawi,Blantyre,Eastern,Commercial,8/18/2014,$511.15 ,$51.12 
United Republic of Tanzania,Dar es Salaam,Eastern,Public,8/19/2014,$437.73 ,($30.64)
Kenya,Nairobi,Eastern,Public,8/20/2014,$768.89 ,($23.07)
Mozambique,Maputo,Eastern,Public,8/22/2014,$438.03 ,($4.38)
Mauritius,Port Louis,Eastern,Commercial,8/23/2014,$202.08 ,$6.06 
Ghana,Accra,Western,Public,8/24/2014,$117.71 ,$9.42 
Western Sahara,Dakhla,Northern,Commercial,8/24/2014,$759.99 ,$53.20 
Cameroon,Yaoundé,Middle,Public,8/25/2014,$32.15 ,$2.57 
Central African Republic,Bangui,Middle,Residential,8/28/2014,$384.00 ,$11.52 
Nigeria,Abuja,Western,Residential,9/3/2014,$992.39 ,$39.70 
Ghana,Accra,Western,Public,9/4/2014,$896.19 ,$89.62 
Mali,Bamako,Western,Residential,9/4/2014,$211.55 ,$14.81 
Cameroon,Douala,Middle,Public,9/6/2014,$951.40 ,($28.54)
Rwanda,Kigali,Eastern,Public,9/11/2014,$435.41 ,$4.35 
Democratic Republic of the Congo,Lubumbashi,Middle,Public,9/12/2014,$997.23 ,$49.86 
Equatorial Guinea,Malabo,Middle,Residential,9/13/2014,$383.70 ,$23.02 
Eritrea,Asmara,Eastern,Commercial,9/13/2014,$829.05 ,$8.29 
Lesotho,Maseru,Southern,Commercial,9/15/2014,$401.94 ,($8.04)
Burundi,Bujumbura,Eastern,Public,9/16/2014,$757.23 , $-   
Swaziland,Mbabane,Southern,Residential,9/17/2014,$322.41 ,$29.02 
Djibouti,Djibouti,Eastern,Residential,9/18/2014,$818.68 ,$40.93 
Cote d'Ivoire,Abidjan,Western,Residential,9/20/2014,$263.10 ,$5.26 
Egypt,Cairo,Northern,Residential,9/21/2014,$654.41 ,$32.72 
Sierra Leone,Freetown,Western,Commercial,9/21/2014,$345.05 ,($17.25)
Zimbabwe,Harare,Eastern,Commercial,9/21/2014,$758.17 ,($53.07)
Benin,Porto-Novo,Western,Public,9/22/2014,$152.03 ,$9.12 
Cote d'Ivoire,Yamoussoukro,Western,Commercial,9/22/2014,$701.13 ,$63.10 
Libya,Tripoli,Northern,Public,9/22/2014,$183.31 ,$12.83 
Seychelles,Victoria,Eastern,Public,9/22/2014,$94.94 ,($3.80)
Somalia,Mogadishu,Eastern,Residential,9/23/2014,$515.86 ,$36.11 
Zambia,Lusaka,Eastern,Residential,9/23/2014,$226.85 ,$18.15 
Sudan,Khartoum,Northern,Public,9/24/2014,$657.03 ,$6.57 
Ghana,Kumasi,Western,Residential,9/25/2014,$382.61 , $-   
Benin,Cotonou,Western,Commercial,9/26/2014,$506.77 ,($40.54)
Guinea,Conakry,Western,Residential,9/26/2014,$197.63 ,$1.98 
Seychelles,Victoria,Eastern,Commercial,9/26/2014,$447.46 ,($31.32)
Somalia,Mogadishu,Eastern,Public,9/26/2014,$947.20 ,$47.36 
Gabon,Libreville,Middle,Residential,9/28/2014,$53.37 ,($4.27)
South Africa,Cape Town,Southern,Public,9/28/2014,$981.73 ,$39.27 
Western Sahara,Dakhla,Northern,Residential,10/2/2014,$216.43 ,($10.82)
Kenya,Nairobi,Eastern,Public,10/3/2014,$606.12 ,$24.24 
Sao Tome and Principe,Sao Tome,Middle,Residential,10/6/2014,$973.62 , $-   
Chad,N'Djamena,Middle,Public,10/11/2014,$895.52 ,$17.91 
Mozambique,Maputo,Eastern,Commercial,10/15/2014,$393.33 ,$35.40 
Burundi,Bujumbura,Eastern,Residential,10/19/2014,$644.43 ,($6.44)
Ethiopia,Addis Ababa,Eastern,Public,10/19/2014,$751.02 ,($15.02)
South Sudan,Juba,Eastern,Residential,10/20/2014,$330.27 ,$26.42 
Uganda,Kampala,Eastern,Residential,10/22/2014,$696.60 ,$69.66 
Cameroon,Yaoundé,Middle,Public,10/27/2014,$549.16 ,$27.46 
Algeria,Algiers,Northern,Public,10/28/2014,$902.45 ,($9.02)
Democratic Republic of the Congo,Kinshasa,Middle,Public,11/2/2014,$895.19 ,($53.71)
Nigeria,Ibadan,Western,Commercial,11/3/2014,$481.11 ,$24.06 
Nigeria,Kano,Western,Residential,11/4/2014,$66.13 ,($0.66)
Botswana,Gaborone,Southern,Public,11/5/2014,$197.18 ,($5.92)
Madagascar,Antananarivo,Eastern,Public,11/5/2014,$859.08 ,($25.77)
Liberia,Monrovia,Western,Public,11/7/2014,$778.49 ,$54.49 
Zimbabwe,Harare,Eastern,Public,11/7/2014,$641.50 ,($12.83)
Sierra Leone,Freetown,Western,Residential,11/8/2014,$364.23 , $-   
Niger,Niamey,Western,Commercial,11/10/2014,$958.90 ,($38.36)
Cote d'Ivoire,Yamoussoukro,Western,Commercial,11/11/2014,$294.18 ,($23.53)
Democratic Republic of the Congo,Mbuji-Mayi,Middle,Public,11/14/2014,$698.31 ,($13.97)
Gabon,Libreville,Middle,Residential,11/15/2014,$692.57 , $-   
Sudan,Khartoum,Northern,Residential,11/16/2014,$984.51 ,$29.54 
Angola,Luanda,Middle,Public,11/20/2014,$573.24 ,($40.13)
Senegal,Dakar,Western,Commercial,11/21/2014,$699.02 ,($20.97)
Congo,Brazzaville,Middle,Public,11/23/2014,$59.11 ,$4.73 
South Africa,Johannesburg,Southern,Residential,11/23/2014,$406.44 ,$28.45 
Tunisia,Tunis,Northern,Residential,11/23/2014,$253.34 ,$10.13 
Burkina Faso,Ouagadougou,Western,Public,11/26/2014,$608.71 ,$60.87 
Eritrea,Asmara,Eastern,Residential,11/26/2014,$699.51 ,($7.00)
Togo,Lome,Western,Commercial,11/26/2014,$175.47 , $-   
Guinea,Conakry,Western,Commercial,11/27/2014,$371.08 ,($3.71)
South Africa,Pretoria,Southern,Commercial,12/3/2014,$695.93 ,$20.88 
Nigeria,Abuja,Western,Public,12/4/2014,$66.06 ,$0.66 
Ghana,Kumasi,Western,Commercial,12/8/2014,$432.15 ,$43.22 
United Republic of Tanzania,Dar es Salaam,Eastern,Public,12/21/2014,$70.25 ,$5.62 
Nigeria,Lagos,Western,Public,12/25/2014,$646.36 ,($51.71)
Morocco,Rabat,Northern,Commercial,12/27/2014,$43.55 ,$2.61 
Angola,Luanda,Middle,Commercial,1/1/2015,$421.39 ,($25.28)
Cameroon,Douala,Middle,Public,1/1/2015,$215.26 ,$8.61 
Botswana,Gaborone,Southern,Commercial,1/2/2015,$471.08 , $-   
Egypt,Cairo,Northern,Public,1/2/2015,$435.44 ,$21.77 
Equatorial Guinea,Malabo,Middle,Residential,1/2/2015,$207.77 ,$6.23 
Mali,Bamako,Western,Residential,1/2/2015,$242.66 ,$19.41 
Mozambique,Maputo,Eastern,Residential,1/3/2015,$549.94 ,$38.50 
Zimbabwe,Harare,Eastern,Residential,1/3/2015,$438.85 ,$26.33 
Malawi,Lilongwe,Eastern,Commercial,1/4/2015,$538.35 , $-   
Mauritius,Port Louis,Eastern,Public,1/4/2015,$444.48 ,$13.33 
Guinea-Bissau,Bissau,Western,Commercial,1/5/2015,$119.64 ,$10.77 
Sao Tome and Principe,Sao Tome,Middle,Public,1/5/2015,$246.07 ,($7.38)
Sierra Leone,Freetown,Western,Public,1/5/2015,$490.82 ,($4.91)
Swaziland,Mbabane,Southern,Residential,1/6/2015,$276.93 ,$13.85 
Democratic Republic of the Congo,Lubumbashi,Middle,Commercial,1/7/2015,$801.68 ,$72.15 
Burkina Faso,Ouagadougou,Western,Public,1/8/2015,$685.99 ,$27.44 
Liberia,Monrovia,Western,Commercial,1/8/2015,$65.35 ,($1.31)
Seychelles,Victoria,Eastern,Commercial,1/8/2015,$793.93 ,($63.51)
South Africa,Johannesburg,Southern,Residential,1/8/2015,$664.97 ,($39.90)
Sudan,Khartoum,Northern,Residential,1/8/2015,$982.34 ,$39.29 
Congo,Brazzaville,Middle,Commercial,1/9/2015,$850.34 ,$85.03 
Djibouti,Djibouti,Eastern,Public,1/9/2015,$833.21 ,$16.66 
Malawi,Blantyre,Eastern,Residential,1/9/2015,$74.76 ,($5.98)
Gabon,Libreville,Middle,Public,1/10/2015,$46.01 ,$4.60 
Ghana,Kumasi,Western,Public,1/10/2015,$992.12 ,$19.84 
Nigeria,Kano,Western,Public,1/10/2015,$364.23 ,$21.85 
Madagascar,Antananarivo,Eastern,Public,1/11/2015,$134.01 ,$5.36 
Burundi,Bujumbura,Eastern,Commercial,1/12/2015,$118.96 ,($2.38)
Namibia,Windhoek,Southern,Commercial,1/12/2015,$927.03 ,$46.35 
Zambia,Lusaka,Eastern,Public,1/12/2015,$182.10 ,($1.82)
Central African Republic,Bangui,Middle,Residential,1/13/2015,$743.90 ,$52.07 
South Sudan,Juba,Eastern,Commercial,1/13/2015,$619.94 ,($49.60)
Tunisia,Tunis,Northern,Public,1/13/2015,$272.94 ,$27.29 
Algeria,Algiers,Northern,Commercial,1/14/2015,$477.01 ,($4.77)
Democratic Republic of the Congo,Mbuji-Mayi,Middle,Public,1/14/2015,$897.40 ,$89.74 
Lesotho,Maseru,Southern,Residential,1/15/2015,$264.40 ,$23.80 
Rwanda,Kigali,Eastern,Residential,1/15/2015,$543.44 ,$32.61 
Eritrea,Asmara,Eastern,Commercial,1/16/2015,$506.01 ,$50.60 
Nigeria,Ibadan,Western,Commercial,1/16/2015,$113.28 ,($9.06)
Western Sahara,Dakhla,Northern,Residential,1/16/2015,$388.17 ,$19.41 
Kenya,Nairobi,Eastern,Public,1/17/2015,$344.77 ,($13.79)
Ghana,Accra,Western,Public,1/18/2015,$797.00 ,$79.70 
Mauritania,Nouakchott,Western,Residential,1/18/2015,$308.86 ,($15.44)
Libya,Tripoli,Northern,Commercial,1/20/2015,$492.08 ,($29.52)
Democratic Republic of the Congo,Kinshasa,Middle,Residential,1/21/2015,$98.66 ,$2.96 
Ethiopia,Addis Ababa,Eastern,Residential,1/21/2015,$447.81 ,$4.48 
Nigeria,Lagos,Western,Public,1/21/2015,$309.47 ,($9.28)
Senegal,Dakar,Western,Public,1/21/2015,$153.18 ,$13.79 
Benin,Cotonou,Western,Commercial,1/22/2015,$400.69 ,$36.06 
Cote d'Ivoire,Abidjan,Western,Commercial,1/22/2015,$783.96 ,($15.68)
Cote d'Ivoire,Yamoussoukro,Western,Public,1/22/2015,$961.40 ,($67.30)
Morocco,Rabat,Northern,Commercial,1/22/2015,$101.49 ,$8.12 
Togo,Lome,Western,Residential,1/22/2015,$366.52 ,$36.65 
Benin,Porto-Novo,Western,Commercial,1/23/2015,$285.96 ,$8.58 
Nigeria,Abuja,Western,Public,1/23/2015,$357.36 ,($7.15)
Uganda,Kampala,Eastern,Public,1/23/2015,$455.30 ,($18.21)
United Republic of Tanzania,Dar es Salaam,Eastern,Commercial,1/23/2015,$661.42 ,$6.61 
Guinea,Conakry,Western,Public,1/25/2015,$784.48 ,($39.22)
Niger,Niamey,Western,Public,1/25/2015,$815.71 ,($32.63)
South Africa,Durban,Southern,Residential,1/25/2015,$162.00 ,$9.72 
Cameroon,Yaoundé,Middle,Public,1/26/2015,$984.72 ,$78.78 
Chad,N'Djamena,Middle,Residential,1/26/2015,$112.67 ,($4.51)
South Africa,Pretoria,Southern,Commercial,1/26/2015,$621.79 ,$18.65 
Sudan,Khartoum,Northern,Public,1/27/2015,$209.66 ,$14.68 
Somalia,Mogadishu,Eastern,Commercial,1/28/2015,$985.13 ,$59.11 
South Africa,Cape Town,Southern,Residential,1/28/2015,$90.93 ,($5.46)
Malawi,Blantyre,Eastern,Commercial,2/3/2015,$420.39 ,($25.22)
Tunisia,Tunis,Northern,Public,2/5/2015,$22.19 ,($0.67)
South Africa,Johannesburg,Southern,Commercial,2/6/2015,$313.10 ,$25.05 
Togo,Lome,Western,Residential,2/7/2015,$354.50 ,$3.55 
Algeria,Algiers,Northern,Residential,2/10/2015,$120.45 , $-   
Eritrea,Asmara,Eastern,Public,2/13/2015,$326.44 ,$26.12 
Ethiopia,Addis Ababa,Eastern,Commercial,2/14/2015,$151.23 ,($12.10)
Mauritania,Nouakchott,Western,Public,2/16/2015,$630.95 ,$6.31 
Nigeria,Ibadan,Western,Commercial,2/16/2015,$450.53 ,($36.04)
Libya,Tripoli,Northern,Commercial,2/17/2015,$139.11 ,$5.56 
Zimbabwe,Harare,Eastern,Public,2/18/2015,$574.87 , $-   
Uganda,Kampala,Eastern,Residential,2/19/2015,$608.24 ,$24.33 
Seychelles,Victoria,Eastern,Residential,2/23/2015,$680.76 ,($34.04)
South Sudan,Juba,Eastern,Residential,3/1/2015,$720.20 ,($21.61)
Congo,Brazzaville,Middle,Residential,3/4/2015,$641.22 ,($6.41)
Democratic Republic of the Congo,Kinshasa,Middle,Commercial,3/8/2015,$473.92 ,$47.39 
Madagascar,Antananarivo,Eastern,Public,3/9/2015,$982.91 ,($9.83)
Mali,Bamako,Western,Commercial,3/10/2015,$840.90 ,($58.86)
Liberia,Monrovia,Western,Public,3/12/2015,$685.47 ,($47.98)
Cameroon,Douala,Middle,Public,3/14/2015,$75.02 ,($3.00)
Niger,Niamey,Western,Public,3/15/2015,$594.23 ,($11.88)
South Africa,Pretoria,Southern,Residential,3/15/2015,$976.20 ,($29.29)
Ghana,Kumasi,Western,Commercial,3/17/2015,$450.76 ,($18.03)
Chad,N'Djamena,Middle,Public,3/19/2015,$157.34 ,($6.29)
Swaziland,Mbabane,Southern,Residential,3/22/2015,$242.06 ,$14.52 
Burkina Faso,Ouagadougou,Western,Commercial,3/27/2015,$684.08 ,$6.84 
Cote d'Ivoire,Yamoussoukro,Western,Commercial,3/28/2015,$736.04 ,($51.52)
Cameroon,Yaoundé,Middle,Commercial,4/1/2015,$735.16 ,($22.05)
Central African Republic,Bangui,Middle,Commercial,4/1/2015,$595.08 ,$5.95 
Mozambique,Maputo,Eastern,Commercial,4/2/2015,$994.49 ,($59.67)
Djibouti,Djibouti,Eastern,Public,4/4/2015,$607.80 ,($6.08)
Mauritius,Port Louis,Eastern,Commercial,4/10/2015,$387.66 ,($23.26)
South Africa,Cape Town,Southern,Residential,4/12/2015,$742.01 ,($22.26)
Namibia,Windhoek,Southern,Residential,4/14/2015,$999.08 ,$19.98 
Benin,Cotonou,Western,Commercial,4/16/2015,$852.18 ,($25.57)
Morocco,Rabat,Northern,Public,4/17/2015,$567.89 ,$22.72 
Nigeria,Kano,Western,Residential,4/18/2015,$270.48 ,$2.70 
South Africa,Durban,Southern,Commercial,4/20/2015,$827.47 ,$8.27 
Egypt,Cairo,Northern,Commercial,4/22/2015,$87.64 ,$6.13 
Somalia,Mogadishu,Eastern,Public,4/22/2015,$680.68 ,($13.61)
Lesotho,Maseru,Southern,Commercial,4/24/2015,$716.33 ,$35.82 
Sao Tome and Principe,Sao Tome,Middle,Residential,4/24/2015,$888.09 ,($62.17)
Benin,Porto-Novo,Western,Residential,4/25/2015,$21.32 ,$0.64 
Gabon,Libreville,Middle,Commercial,4/27/2015,$677.66 ,($33.88)
Morocco,Rabat,Northern,Public,5/1/2015,$558.96 ,$5.59 
Sierra Leone,Freetown,Western,Commercial,5/1/2015,$810.91 ,($32.44)
Uganda,Kampala,Eastern,Commercial,5/1/2015,$830.39 ,($41.52)
Kenya,Nairobi,Eastern,Residential,5/3/2015,$341.84 ,$34.18 
Cameroon,Douala,Middle,Public,5/4/2015,$275.11 ,($11.00)
Democratic Republic of the Congo,Mbuji-Mayi,Middle,Residential,5/5/2015,$322.89 ,$6.46 
United Republic of Tanzania,Dar es Salaam,Eastern,Residential,5/5/2015,$98.40 ,$3.94 
Zimbabwe,Harare,Eastern,Commercial,5/5/2015,$954.50 ,($38.18)
Guinea-Bissau,Bissau,Western,Public,5/7/2015,$223.93 ,$4.48 
South Africa,Pretoria,Southern,Public,5/9/2015,$771.25 ,($15.43)
Gabon,Libreville,Middle,Commercial,5/10/2015,$594.69 ,$41.63 
Namibia,Windhoek,Southern,Residential,5/10/2015,$850.46 ,($59.53)
Sudan,Khartoum,Northern,Public,5/11/2015,$434.22 ,$34.74 
Ghana,Accra,Western,Residential,5/12/2015,$792.14 ,($55.45)
Western Sahara,Dakhla,Northern,Public,5/13/2015,$440.26 ,$13.21 
Mauritania,Nouakchott,Western,Commercial,5/15/2015,$356.89 ,($17.84)
Sierra Leone,Freetown,Western,Commercial,5/18/2015,$34.82 ,($0.70)
Democratic Republic of the Congo,Lubumbashi,Middle,Public,5/19/2015,$788.56 ,($7.89)
Rwanda,Kigali,Eastern,Commercial,5/19/2015,$744.47 ,$7.44 
Botswana,Gaborone,Southern,Public,5/23/2015,$800.32 ,($48.02)
Angola,Luanda,Middle,Public,5/24/2015,$39.80 ,($3.18)
Djibouti,Djibouti,Eastern,Public,5/24/2015,$306.88 ,($24.55)
Kenya,Nairobi,Eastern,Residential,5/24/2015,$846.55 ,$8.47 
Burundi,Bujumbura,Eastern,Residential,5/27/2015,$785.12 ,$39.26 
Ghana,Accra,Western,Commercial,5/28/2015,$527.38 ,($26.37)
Guinea,Conakry,Western,Public,5/28/2015,$314.44 ,$28.30 
Guinea,Conakry,Western,Public,6/3/2015,$949.91 ,($47.50)
Mozambique,Maputo,Eastern,Public,6/3/2015,$783.49 , $-   
Senegal,Dakar,Western,Public,6/3/2015,$252.82 ,$22.75 
Equatorial Guinea,Malabo,Middle,Commercial,6/4/2015,$497.89 ,$9.96 
Democratic Republic of the Congo,Lubumbashi,Middle,Commercial,6/5/2015,$119.01 ,$2.38 
Niger,Niamey,Western,Commercial,6/7/2015,$389.73 ,($15.59)
Cote d'Ivoire,Abidjan,Western,Public,6/9/2015,$510.55 ,$30.63 
Democratic Republic of the Congo,Kinshasa,Middle,Residential,6/10/2015,$678.29 ,($27.13)
Sudan,Khartoum,Northern,Residential,6/10/2015,$504.53 , $-   
Guinea-Bissau,Bissau,Western,Commercial,6/11/2015,$544.96 ,($16.35)
Zambia,Lusaka,Eastern,Residential,6/13/2015,$820.85 ,$57.46 
Egypt,Cairo,Northern,Commercial,6/17/2015,$892.07 ,($26.76)
Mauritius,Port Louis,Eastern,Public,6/20/2015,$25.60 ,$1.79 
South Africa,Cape Town,Southern,Residential,6/20/2015,$407.34 ,$40.73 
Sudan,Khartoum,Northern,Public,6/21/2015,$211.45 ,($2.11)
Rwanda,Kigali,Eastern,Commercial,6/22/2015,$362.13 ,$3.62 
Nigeria,Abuja,Western,Residential,6/23/2015,$860.98 ,$43.05 
Zambia,Lusaka,Eastern,Public,6/25/2015,$933.98 ,$37.36 
Nigeria,Lagos,Western,Public,6/26/2015,$528.27 ,($42.26)
Chad,N'Djamena,Middle,Residential,6/27/2015,$472.81 ,$42.55 
Malawi,Lilongwe,Eastern,Commercial,6/27/2015,$317.87 ,$31.79 
Liberia,Monrovia,Western,Commercial,6/28/2015,$515.28 ,($10.31)
Nigeria,Ibadan,Western,Public,6/28/2015,$2.69 ,($0.22)
Democratic Republic of the Congo,Mbuji-Mayi,Middle,Commercial,7/1/2015,$475.20 ,($23.76)
Equatorial Guinea,Malabo,Middle,Residential,7/8/2015,$649.16 ,$32.46 
Cote d'Ivoire,Abidjan,Western,Public,7/14/2015,$54.12 ,$4.33 
Angola,Luanda,Middle,Commercial,7/21/2015,$9.16 ,($0.09)
Cameroon,Yaoundé,Middle,Commercial,7/22/2015,$586.10 ,$23.44 
Nigeria,Abuja,Western,Public,7/22/2015,$717.28 ,$43.04 
South Africa,Durban,Southern,Residential,7/22/2015,$953.06 ,$76.24 
Lesotho,Maseru,Southern,Residential,7/25/2015,$704.69 ,$70.47 
South Africa,Johannesburg,Southern,Residential,7/26/2015,$808.04 ,($48.48)
Burundi,Bujumbura,Eastern,Residential,7/27/2015,$861.38 ,$8.61 
Central African Republic,Bangui,Middle,Public,7/28/2015,$168.78 ,($10.13)
Sao Tome and Principe,Sao Tome,Middle,Commercial,7/28/2015,$898.29 ,$53.90 
Democratic Republic of the Congo,Kinshasa,Middle,Commercial,8/1/2015,$91.24 ,($7.30)
Ghana,Kumasi,Western,Residential,8/2/2015,$220.89 , $-   
Morocco,Rabat,Northern,Commercial,8/2/2015,$150.54 ,($12.04)
Congo,Brazzaville,Middle,Commercial,8/3/2015,$146.09 ,$11.69 
Mali,Bamako,Western,Commercial,8/4/2015,$77.85 ,($6.23)
South Africa,Cape Town,Southern,Commercial,8/7/2015,$263.38 ,($7.90)
Tunisia,Tunis,Northern,Commercial,8/7/2015,$511.56 ,($15.35)
Sierra Leone,Freetown,Western,Public,8/8/2015,$400.86 ,($4.01)
Burkina Faso,Ouagadougou,Western,Public,8/9/2015,$977.29 ,($58.64)
Madagascar,Antananarivo,Eastern,Commercial,8/9/2015,$946.35 ,$85.17 
Seychelles,Victoria,Eastern,Residential,8/10/2015,$52.28 ,$3.14 
Swaziland,Mbabane,Southern,Residential,8/10/2015,$401.44 ,($24.09)
Western Sahara,Dakhla,Northern,Public,8/10/2015,$74.45 ,($5.96)
Cameroon,Yaoundé,Middle,Commercial,8/11/2015,$840.76 ,($8.41)
Togo,Lome,Western,Public,8/11/2015,$875.44 ,($43.77)
Benin,Porto-Novo,Western,Residential,8/13/2015,$501.03 ,$20.04 
Cote d'Ivoire,Yamoussoukro,Western,Residential,8/13/2015,$743.91 ,$74.39 
Kenya,Nairobi,Eastern,Commercial,8/14/2015,$759.18 ,($15.18)
Togo,Lome,Western,Commercial,8/16/2015,$660.33 ,($19.81)
Benin,Cotonou,Western,Residential,8/17/2015,$518.90 ,$36.32 
Ethiopia,Addis Ababa,Eastern,Commercial,8/17/2015,$624.27 ,$49.94 
Nigeria,Lagos,Western,Residential,8/17/2015,$83.74 ,$1.67 
South Sudan,Juba,Eastern,Public,8/17/2015,$142.90 ,$2.86 
Ghana,Kumasi,Western,Residential,8/18/2015,$251.91 ,$20.15 
United Republic of Tanzania,Dar es Salaam,Eastern,Public,8/18/2015,$846.06 ,$59.22 
Botswana,Gaborone,Southern,Residential,8/19/2015,$93.74 ,$1.87 
Western Sahara,Dakhla,Northern,Residential,8/19/2015,$759.65 ,$15.19 
Eritrea,Asmara,Eastern,Commercial,8/20/2015,$126.30 ,$2.53 
Libya,Tripoli,Northern,Public,8/20/2015,$434.16 ,$17.37 
Namibia,Windhoek,Southern,Residential,8/20/2015,$88.06 ,$7.93 
Malawi,Lilongwe,Eastern,Public,8/22/2015,$891.98 ,$44.60 
South Africa,Durban,Southern,Commercial,8/22/2015,$521.94 ,($41.76)
Sao Tome and Principe,Sao Tome,Middle,Commercial,8/23/2015,$982.56 ,($68.78)
Democratic Republic of the Congo,Lubumbashi,Middle,Commercial,8/24/2015,$158.64 ,$15.86 
South Africa,Johannesburg,Southern,Commercial,8/25/2015,$317.40 ,$6.35 
Nigeria,Kano,Western,Public,8/27/2015,$51.79 ,$0.52 
Seychelles,Victoria,Eastern,Commercial,9/1/2015,$439.66 ,($21.98)
Angola,Luanda,Middle,Commercial,9/3/2015,$693.91 ,$34.70 
Lesotho,Maseru,Southern,Commercial,9/3/2015,$53.57 ,($4.29)
Djibouti,Djibouti,Eastern,Residential,9/4/2015,$952.85 ,($28.59)
Sudan,Khartoum,Northern,Residential,9/5/2015,$822.41 ,($32.90)
Zimbabwe,Harare,Eastern,Commercial,9/5/2015,$225.21 ,($6.76)
Eritrea,Asmara,Eastern,Residential,9/6/2015,$199.16 ,$3.98 
Somalia,Mogadishu,Eastern,Public,9/7/2015,$118.60 ,($3.56)
South Africa,Pretoria,Southern,Commercial,9/7/2015,$503.52 ,($20.14)
Benin,Cotonou,Western,Residential,9/10/2015,$853.01 ,$34.12 
Cameroon,Douala,Middle,Residential,9/12/2015,$977.32 ,$58.64 
Nigeria,Ibadan,Western,Commercial,9/12/2015,$724.95 , $-   
Senegal,Dakar,Western,Public,9/14/2015,$109.84 ,$2.20 
Algeria,Algiers,Northern,Residential,9/16/2015,$206.71 ,$8.27 
Libya,Tripoli,Northern,Residential,9/20/2015,$807.85 ,$32.31 
Malawi,Blantyre,Eastern,Public,9/20/2015,$670.13 ,$46.91 
Senegal,Dakar,Western,Commercial,9/20/2015,$893.17 ,$53.59 
Madagascar,Antananarivo,Eastern,Commercial,9/22/2015,$192.61 ,$19.26 
South Sudan,Juba,Eastern,Public,9/25/2015,$945.80 ,($18.92)
Malawi,Lilongwe,Eastern,Residential,9/27/2015,$130.69 ,$7.84 
Niger,Niamey,Western,Residential,9/28/2015,$346.72 ,($17.34)
Egypt,Cairo,Northern,Residential,10/2/2015,$485.04 ,($38.80)
Sudan,Khartoum,Northern,Residential,10/2/2015,$493.02 ,($19.72)
Burundi,Bujumbura,Eastern,Public,10/6/2015,$865.69 ,$51.94 
Zambia,Lusaka,Eastern,Public,10/15/2015,$12.31 ,($0.37)
Cote d'Ivoire,Abidjan,Western,Commercial,10/18/2015,$896.76 ,$8.97 
Mali,Bamako,Western,Commercial,10/24/2015,$572.27 ,($11.45)
Mauritania,Nouakchott,Western,Residential,10/25/2015,$784.94 ,$78.49 
Guinea-Bissau,Bissau,Western,Commercial,10/28/2015,$547.68 ,($38.34)
Democratic Republic of the Congo,Mbuji-Mayi,Middle,Commercial,11/1/2015,$430.15 ,($30.11)
Cote d'Ivoire,Yamoussoukro,Western,Commercial,11/8/2015,$749.12 ,($7.49)
Swaziland,Mbabane,Southern,Residential,11/8/2015,$787.30 ,$15.75 
Ethiopia,Addis Ababa,Eastern,Commercial,11/9/2015,$743.67 ,$29.75 
Equatorial Guinea,Malabo,Middle,Residential,11/13/2015,$800.51 ,$32.02 
Mauritius,Port Louis,Eastern,Public,11/13/2015,$15.99 ,($0.80)
Benin,Porto-Novo,Western,Commercial,11/18/2015,$517.70 , $-   
Botswana,Gaborone,Southern,Residential,11/18/2015,$137.27 ,($2.75)
Mozambique,Maputo,Eastern,Commercial,11/19/2015,$937.98 , $-   
Nigeria,Abuja,Western,Public,11/21/2015,$38.30 ,$1.15 
Uganda,Kampala,Eastern,Residential,11/21/2015,$6.87 ,$0.14 
Gabon,Libreville,Middle,Public,11/26/2015,$771.44 ,$77.14 
Somalia,Mogadishu,Eastern,Commercial,11/26/2015,$443.20 ,$22.16 
Central African Republic,Bangui,Middle,Residential,12/1/2015,$461.66 ,$41.55 
Chad,N'Djamena,Middle,Public,12/1/2015,$163.34 ,($11.43)
Ghana,Accra,Western,Commercial,12/4/2015,$535.35 ,($26.77)
Algeria,Algiers,Northern,Residential,12/8/2015,$377.49 ,$26.42 
Nigeria,Lagos,Western,Public,12/9/2015,$423.18 ,($29.62)
Tunisia,Tunis,Northern,Commercial,12/9/2015,$728.79 ,$72.88 
Sudan,Khartoum,Northern,Public,12/11/2015,$277.22 ,$5.54 
Guinea,Conakry,Western,Public,12/13/2015,$350.47 ,$28.04 
United Republic of Tanzania,Dar es Salaam,Eastern,Commercial,12/13/2015,$505.64 ,($20.23)
Rwanda,Kigali,Eastern,Public,12/17/2015,$472.24 ,($37.78)
Malawi,Blantyre,Eastern,Residential,12/19/2015,$692.45 ,$6.92 
Nigeria,Kano,Western,Residential,12/22/2015,$550.57 ,$5.51 
Liberia,Monrovia,Western,Residential,12/25/2015,$306.96 ,$9.21 
Burkina Faso,Ouagadougou,Western,Commercial,12/26/2015,$5.47 ,$0.55 
Congo,Brazzaville,Middle,Commercial,12/26/2015,$498.92 ,($4.99)
Ghana,Accra,Western,Residential,1/1/2016,$527.43 , $-   
Malawi,Lilongwe,Eastern,Public,1/1/2016,$162.93 ,($11.41)
Benin,Porto-Novo,Western,Residential,1/2/2016,$186.23 ,$14.90 
Nigeria,Lagos,Western,Residential,1/2/2016,$279.55 ,$22.36 
Sao Tome and Principe,Sao Tome,Middle,Residential,1/2/2016,$810.60 ,$40.53 
Angola,Luanda,Middle,Residential,1/3/2016,$460.06 ,$41.41 
Madagascar,Antananarivo,Eastern,Public,1/3/2016,$335.21 ,($10.06)
Ghana,Kumasi,Western,Commercial,1/4/2016,$123.38 ,($6.17)
Guinea-Bissau,Bissau,Western,Commercial,1/4/2016,$153.68 ,$12.29 
Rwanda,Kigali,Eastern,Public,1/4/2016,$3.10 ,$0.09 
Zimbabwe,Harare,Eastern,Residential,1/4/2016,$449.70 , $-   
Benin,Cotonou,Western,Commercial,1/5/2016,$389.61 ,$15.58 
Democratic Republic of the Congo,Kinshasa,Middle,Residential,1/5/2016,$945.06 ,$47.25 
Mali,Bamako,Western,Commercial,1/5/2016,$733.89 ,$29.36 
Swaziland,Mbabane,Southern,Commercial,1/5/2016,$846.41 ,$59.25 
Gabon,Libreville,Middle,Public,1/6/2016,$209.14 ,($8.37)
Namibia,Windhoek,Southern,Residential,1/6/2016,$174.17 ,$3.48 
Cote d'Ivoire,Yamoussoukro,Western,Commercial,1/7/2016,$212.73 ,$14.89 
Botswana,Gaborone,Southern,Public,1/8/2016,$544.50 ,($27.23)
Cameroon,Douala,Middle,Public,1/8/2016,$708.83 ,$49.62 
Democratic Republic of the Congo,Mbuji-Mayi,Middle,Commercial,1/8/2016,$785.97 ,($47.16)
Lesotho,Maseru,Southern,Commercial,1/8/2016,$268.61 , $-   
Malawi,Blantyre,Eastern,Residential,1/8/2016,$292.46 ,$14.62 
Morocco,Rabat,Northern,Public,1/8/2016,$898.19 ,($44.91)
Mozambique,Maputo,Eastern,Residential,1/8/2016,$932.67 ,$18.65 
South Africa,Pretoria,Southern,Public,1/8/2016,$504.61 ,$10.09 
Chad,N'Djamena,Middle,Public,1/10/2016,$456.72 ,$18.27 
South Africa,Cape Town,Southern,Residential,1/10/2016,$796.69 ,($47.80)
Togo,Lome,Western,Public,1/11/2016,$992.23 ,($19.84)
Somalia,Mogadishu,Eastern,Residential,1/12/2016,$307.81 ,($6.16)
Ethiopia,Addis Ababa,Eastern,Public,1/13/2016,$335.74 ,$16.79 
Seychelles,Victoria,Eastern,Residential,1/13/2016,$460.12 ,($13.80)
Algeria,Algiers,Northern,Public,1/14/2016,$450.44 ,$13.51 
Burundi,Bujumbura,Eastern,Residential,1/14/2016,$326.34 ,$32.63 
Central African Republic,Bangui,Middle,Residential,1/14/2016,$633.31 ,$38.00 
Guinea,Conakry,Western,Commercial,1/14/2016,$547.17 ,$16.42 
Mauritius,Port Louis,Eastern,Commercial,1/14/2016,$151.12 ,$4.53 
Cote d'Ivoire,Abidjan,Western,Residential,1/15/2016,$919.79 ,$91.98 
Senegal,Dakar,Western,Residential,1/15/2016,$300.64 ,$6.01 
Sudan,Khartoum,Northern,Public,1/15/2016,$456.37 ,$4.56 
Nigeria,Abuja,Western,Public,1/17/2016,$686.80 ,($13.74)
Nigeria,Ibadan,Western,Public,1/17/2016,$631.90 ,($18.96)
Egypt,Cairo,Northern,Residential,1/18/2016,$303.03 ,($18.18)
Equatorial Guinea,Malabo,Middle,Residential,1/18/2016,$398.39 ,($11.95)
Burkina Faso,Ouagadougou,Western,Public,1/19/2016,$231.38 ,($16.20)
South Africa,Durban,Southern,Residential,1/19/2016,$23.96 ,$0.96 
South Sudan,Juba,Eastern,Residential,1/19/2016,$64.97 ,$1.95 
Uganda,Kampala,Eastern,Residential,1/19/2016,$720.73 ,$43.24 
Niger,Niamey,Western,Commercial,1/20/2016,$916.61 ,$9.17 
Sierra Leone,Freetown,Western,Residential,1/22/2016,$117.12 ,($1.17)
South Africa,Johannesburg,Southern,Residential,1/22/2016,$446.80 ,$13.40 
Western Sahara,Dakhla,Northern,Commercial,1/22/2016,$91.21 ,($1.82)
Zambia,Lusaka,Eastern,Public,1/22/2016,$28.24 ,($0.85)
Djibouti,Djibouti,Eastern,Public,1/23/2016,$584.79 ,$35.09 
Sudan,Khartoum,Northern,Public,1/23/2016,$928.39 ,($46.42)
Liberia,Monrovia,Western,Residential,1/24/2016,$947.97 , $-   
Nigeria,Kano,Western,Residential,1/25/2016,$808.77 ,($48.53)
Libya,Tripoli,Northern,Commercial,1/26/2016,$112.07 ,$3.36 
Democratic Republic of the Congo,Lubumbashi,Middle,Commercial,1/27/2016,$30.17 ,($1.51)
Eritrea,Asmara,Eastern,Public,1/27/2016,$845.23 ,($50.71)
Cameroon,Yaoundé,Middle,Commercial,1/28/2016,$576.83 ,($17.30)
Congo,Brazzaville,Middle,Residential,1/28/2016,$174.91 ,($7.00)
Kenya,Nairobi,Eastern,Residential,1/28/2016,$78.44 ,($3.92)
Mauritania,Nouakchott,Western,Residential,1/28/2016,$949.73 ,$37.99 
Tunisia,Tunis,Northern,Commercial,1/28/2016,$185.90 ,$14.87 
United Republic of Tanzania,Dar es Salaam,Eastern,Residential,1/28/2016,$562.51 ,($33.75)
Somalia,Mogadishu,Eastern,Public,2/1/2016,$858.02 ,$77.22 
Nigeria,Abuja,Western,Commercial,2/2/2016,$614.99 ,$12.30 
Zimbabwe,Harare,Eastern,Commercial,2/3/2016,$401.79 , $-   
Niger,Niamey,Western,Commercial,2/7/2016,$796.88 ,($15.94)
Nigeria,Ibadan,Western,Residential,2/9/2016,$73.57 ,$6.62 
Mali,Bamako,Western,Public,2/11/2016,$93.81 ,($2.81)
Central African Republic,Bangui,Middle,Public,2/12/2016,$341.86 ,$13.67 
Kenya,Nairobi,Eastern,Residential,2/12/2016,$836.00 ,$16.72 
Malawi,Lilongwe,Eastern,Public,2/12/2016,$954.46 ,($19.09)
Djibouti,Djibouti,Eastern,Public,2/13/2016,$740.24 , $-   
South Sudan,Juba,Eastern,Residential,2/16/2016,$374.57 ,$22.47 
Equatorial Guinea,Malabo,Middle,Public,2/17/2016,$293.14 ,$29.31 
Cameroon,Yaoundé,Middle,Public,2/19/2016,$293.91 ,($5.88)
Nigeria,Lagos,Western,Commercial,2/22/2016,$91.77 ,$4.59 
Uganda,Kampala,Eastern,Residential,2/22/2016,$163.23 ,$16.32 
Botswana,Gaborone,Southern,Commercial,2/24/2016,$117.65 ,$3.53 
Burkina Faso,Ouagadougou,Western,Public,2/25/2016,$941.90 ,($47.10)
South Africa,Durban,Southern,Residential,2/26/2016,$475.90 ,$23.80 
Democratic Republic of the Congo,Lubumbashi,Middle,Commercial,2/27/2016,$72.89 ,$6.56 
Sudan,Khartoum,Northern,Commercial,2/27/2016,$413.83 ,($33.11)
Mauritius,Port Louis,Eastern,Public,2/28/2016,$859.44 ,$68.76 
Sao Tome and Principe,Sao Tome,Middle,Commercial,3/2/2016,$330.17 ,($23.11)
Sierra Leone,Freetown,Western,Public,3/3/2016,$400.61 ,($20.03)
Senegal,Dakar,Western,Commercial,3/7/2016,$134.83 ,$6.74 
Swaziland,Mbabane,Southern,Commercial,3/8/2016,$322.28 ,($9.67)
Lesotho,Maseru,Southern,Public,3/10/2016,$318.66 ,$25.49 
Madagascar,Antananarivo,Eastern,Residential,3/11/2016,$309.23 ,$30.92 
Cote d'Ivoire,Yamoussoukro,Western,Commercial,3/12/2016,$385.31 ,$3.85 
Zambia,Lusaka,Eastern,Commercial,3/12/2016,$748.72 ,$7.49 
Ghana,Accra,Western,Public,3/13/2016,$400.33 ,$28.02 
Ethiopia,Addis Ababa,Eastern,Residential,3/24/2016,$302.99 ,$9.09 
Liberia,Monrovia,Western,Residential,3/25/2016,$242.50 ,$24.25 
Mozambique,Maputo,Eastern,Commercial,3/25/2016,$806.47 ,$80.65 
South Africa,Johannesburg,Southern,Residential,3/25/2016,$55.47 ,$3.33 
Guinea-Bissau,Bissau,Western,Commercial,3/27/2016,$623.03 ,($6.23)
Cameroon,Douala,Middle,Commercial,4/4/2016,$400.94 ,$20.05 
Congo,Brazzaville,Middle,Public,4/14/2016,$340.78 ,($13.63)
Cote d'Ivoire,Abidjan,Western,Residential,4/19/2016,$86.84 ,($5.21)
Nigeria,Kano,Western,Residential,4/23/2016,$784.31 ,$54.90 
South Africa,Pretoria,Southern,Commercial,4/24/2016,$193.96 ,($7.76)
Seychelles,Victoria,Eastern,Public,4/26/2016,$133.74 ,$12.04 
United Republic of Tanzania,Dar es Salaam,Eastern,Residential,4/27/2016,$471.51 ,$37.72 
Burundi,Bujumbura,Eastern,Public,5/1/2016,$553.66 ,($16.61)
Sierra Leone,Freetown,Western,Public,5/3/2016,$465.79 ,$4.66 
Cameroon,Douala,Middle,Commercial,5/4/2016,$764.03 ,$7.64 
Lesotho,Maseru,Southern,Commercial,5/4/2016,$930.77 ,$46.54 
Libya,Tripoli,Northern,Residential,5/7/2016,$171.11 ,$6.84 
Niger,Niamey,Western,Residential,5/7/2016,$945.62 , $-   
Equatorial Guinea,Malabo,Middle,Commercial,5/8/2016,$481.01 ,($9.62)
Togo,Lome,Western,Public,5/10/2016,$128.80 ,$2.58 
Democratic Republic of the Congo,Mbuji-Mayi,Middle,Residential,5/11/2016,$964.65 ,($67.53)
Guinea,Conakry,Western,Commercial,5/14/2016,$416.71 ,($12.50)
South Africa,Cape Town,Southern,Commercial,5/14/2016,$396.32 ,($11.89)
Benin,Cotonou,Western,Residential,5/15/2016,$583.79 ,$11.68 
Ghana,Kumasi,Western,Public,5/15/2016,$817.72 ,$8.18 
Mauritania,Nouakchott,Western,Commercial,5/15/2016,$650.78 ,$65.08 
Algeria,Algiers,Northern,Residential,5/16/2016,$876.49 ,($26.29)
Togo,Lome,Western,Residential,5/18/2016,$440.08 ,($17.60)
Egypt,Cairo,Northern,Public,5/19/2016,$399.70 ,$23.98 
Malawi,Blantyre,Eastern,Commercial,5/19/2016,$316.12 ,($6.32)
Western Sahara,Dakhla,Northern,Residential,5/24/2016,$158.62 ,$7.93 
Democratic Republic of the Congo,Lubumbashi,Middle,Public,5/25/2016,$42.90 ,$3.00 
Guinea,Conakry,Western,Public,5/26/2016,$404.93 ,($12.15)
Sao Tome and Principe,Sao Tome,Middle,Public,5/26/2016,$681.82 ,$27.27 
Egypt,Cairo,Northern,Public,5/27/2016,$110.53 ,($6.63)
Namibia,Windhoek,Southern,Commercial,5/27/2016,$978.37 ,$39.13 
South Africa,Johannesburg,Southern,Public,5/27/2016,$243.11 , $-   
Sudan,Khartoum,Northern,Residential,5/27/2016,$816.28 ,$40.81 
Nigeria,Kano,Western,Residential,5/28/2016,$872.24 , $-   
Eritrea,Asmara,Eastern,Commercial,6/1/2016,$891.31 ,$26.74 
Morocco,Rabat,Northern,Public,6/1/2016,$219.21 ,($17.54)
Tunisia,Tunis,Northern,Residential,6/2/2016,$195.28 ,$3.91 
Tunisia,Tunis,Northern,Commercial,6/2/2016,$808.10 ,($16.16)
Kenya,Nairobi,Eastern,Public,6/8/2016,$613.64 ,($30.68)
Zimbabwe,Harare,Eastern,Public,6/9/2016,$179.71 ,$8.99 
Chad,N'Djamena,Middle,Residential,6/13/2016,$400.93 ,$36.08 
Mauritania,Nouakchott,Western,Commercial,6/14/2016,$783.76 ,$54.86 
Swaziland,Mbabane,Southern,Residential,6/14/2016,$196.19 ,($15.70)
Rwanda,Kigali,Eastern,Public,6/15/2016,$586.73 ,$41.07 
Benin,Porto-Novo,Western,Public,6/16/2016,$934.94 ,($74.80)
Democratic Republic of the Congo,Mbuji-Mayi,Middle,Commercial,6/16/2016,$973.37 ,$9.73 
Burundi,Bujumbura,Eastern,Public,6/17/2016,$491.07 ,($4.91)
Gabon,Libreville,Middle,Residential,6/17/2016,$963.17 ,($77.05)
Morocco,Rabat,Northern,Public,6/17/2016,$135.96 ,$2.72 
Angola,Luanda,Middle,Public,6/21/2016,$398.18 ,($19.91)
Democratic Republic of the Congo,Kinshasa,Middle,Commercial,6/23/2016,$305.95 ,$12.24 
Benin,Porto-Novo,Western,Commercial,6/24/2016,$913.53 ,($18.27)
Guinea-Bissau,Bissau,Western,Residential,6/24/2016,$53.89 ,$4.31 
Gabon,Libreville,Middle,Commercial,6/28/2016,$299.72 ,($23.98)
Somalia,Mogadishu,Eastern,Commercial,7/2/2016,$262.21 ,$26.22 
Ghana,Accra,Western,Commercial,7/4/2016,$614.39 ,$12.29 
Djibouti,Djibouti,Eastern,Commercial,7/6/2016,$38.26 ,($0.77)
Madagascar,Antananarivo,Eastern,Commercial,7/9/2016,$600.21 ,($6.00)
Benin,Cotonou,Western,Residential,7/11/2016,$199.99 ,($2.00)
Cote d'Ivoire,Yamoussoukro,Western,Public,7/13/2016,$773.74 ,($38.69)
Algeria,Algiers,Northern,Public,7/14/2016,$245.20 ,($4.90)
Democratic Republic of the Congo,Kinshasa,Middle,Commercial,7/14/2016,$787.35 , $-   
Nigeria,Lagos,Western,Public,7/14/2016,$171.36 , $-   
South Africa,Pretoria,Southern,Public,7/15/2016,$826.64 ,$82.66 
Ghana,Kumasi,Western,Residential,7/17/2016,$188.56 ,$3.77 
Mauritius,Port Louis,Eastern,Commercial,7/18/2016,$361.28 ,$3.61 
South Sudan,Juba,Eastern,Public,7/18/2016,$760.52 ,($38.03)
Sudan,Khartoum,Northern,Public,7/24/2016,$201.34 ,$2.01 
Cote d'Ivoire,Abidjan,Western,Public,7/25/2016,$277.27 ,$24.95 
Cameroon,Douala,Middle,Commercial,8/1/2016,$759.59 ,$68.36 
Botswana,Gaborone,Southern,Residential,8/7/2016,$731.77 ,($58.54)
Western Sahara,Dakhla,Northern,Public,8/7/2016,$561.07 ,$28.05 
Zambia,Lusaka,Eastern,Public,8/7/2016,$55.79 ,($2.23)
Cote d'Ivoire,Yamoussoukro,Western,Residential,8/9/2016,$678.51 ,($27.14)
Equatorial Guinea,Malabo,Middle,Commercial,8/9/2016,$289.07 ,($20.23)
Botswana,Gaborone,Southern,Commercial,8/11/2016,$423.13 ,$33.85 
Rwanda,Kigali,Eastern,Commercial,8/11/2016,$895.24 ,($71.62)
Uganda,Kampala,Eastern,Residential,8/11/2016,$918.70 ,$9.19 
Sudan,Khartoum,Northern,Public,8/12/2016,$568.71 ,$28.44 
Liberia,Monrovia,Western,Commercial,8/15/2016,$239.28 ,($4.79)
Niger,Niamey,Western,Public,8/15/2016,$812.17 ,($64.97)
Nigeria,Ibadan,Western,Public,8/15/2016,$583.45 ,$23.34 
Benin,Cotonou,Western,Residential,8/17/2016,$457.95 ,($36.64)
Congo,Brazzaville,Middle,Residential,8/19/2016,$987.23 ,($9.87)
Lesotho,Maseru,Southern,Residential,8/20/2016,$526.93 ,($26.35)
Central African Republic,Bangui,Middle,Residential,8/22/2016,$386.36 ,($30.91)
Mozambique,Maputo,Eastern,Public,8/22/2016,$562.83 ,$5.63 
Malawi,Blantyre,Eastern,Commercial,8/23/2016,$524.58 ,$10.49 
Nigeria,Ibadan,Western,Commercial,8/23/2016,$634.54 ,$25.38 
Eritrea,Asmara,Eastern,Commercial,8/24/2016,$856.67 ,($59.97)
Mauritania,Nouakchott,Western,Public,8/25/2016,$871.54 ,($17.43)
South Africa,Durban,Southern,Public,9/1/2016,$892.70 ,$17.85 
Nigeria,Kano,Western,Commercial,9/2/2016,$992.34 ,$29.77 
United Republic of Tanzania,Dar es Salaam,Eastern,Residential,9/4/2016,$202.36 ,($6.07)
Burkina Faso,Ouagadougou,Western,Commercial,9/5/2016,$524.68 ,($26.23)
Ethiopia,Addis Ababa,Eastern,Commercial,9/5/2016,$872.97 , $-   
Namibia,Windhoek,Southern,Residential,9/5/2016,$547.71 ,($38.34)
South Africa,Cape Town,Southern,Commercial,9/6/2016,$710.53 ,($14.21)
Cote d'Ivoire,Abidjan,Western,Residential,9/9/2016,$950.34 ,$57.02 
Mali,Bamako,Western,Residential,9/9/2016,$21.08 ,($1.26)
Angola,Luanda,Middle,Residential,9/10/2016,$366.34 , $-   
Democratic Republic of the Congo,Kinshasa,Middle,Residential,9/10/2016,$164.79 , $-   
Malawi,Lilongwe,Eastern,Residential,9/10/2016,$459.39 ,$18.38 
Senegal,Dakar,Western,Commercial,9/10/2016,$332.63 ,$13.31 
Rwanda,Kigali,Eastern,Public,9/12/2016,$428.17 ,$17.13 
Chad,N'Djamena,Middle,Commercial,9/13/2016,$0.89 ,$0.03 
Libya,Tripoli,Northern,Residential,9/16/2016,$344.48 ,$10.33 
Western Sahara,Dakhla,Northern,Residential,9/18/2016,$309.78 ,$9.29 
Democratic Republic of the Congo,Lubumbashi,Middle,Residential,9/19/2016,$877.54 ,$78.98 
Ghana,Accra,Western,Residential,9/20/2016,$729.41 ,$43.76 
Senegal,Dakar,Western,Commercial,9/20/2016,$139.10 ,$9.74 
Burkina Faso,Ouagadougou,Western,Residential,9/21/2016,$117.52 ,$8.23 
South Africa,Durban,Southern,Public,9/21/2016,$139.31 ,$13.93 
Cameroon,Yaoundé,Middle,Residential,9/22/2016,$537.87 ,$26.89 
Nigeria,Abuja,Western,Residential,9/22/2016,$137.79 ,$12.40 
Seychelles,Victoria,Eastern,Commercial,9/22/2016,$334.36 ,$33.44 
Sudan,Khartoum,Northern,Commercial,9/22/2016,$626.58 ,$12.53 
Chad,N'Djamena,Middle,Residential,9/26/2016,$44.50 ,$3.12 
Mali,Bamako,Western,Commercial,9/27/2016,$598.55 ,$5.99 
Gabon,Libreville,Middle,Public,9/28/2016,$157.86 ,($7.89)
Guinea,Conakry,Western,Public,9/28/2016,$255.31 ,($12.77)
Mauritius,Port Louis,Eastern,Commercial,10/1/2016,$148.56 ,$10.40 
Sierra Leone,Freetown,Western,Public,10/1/2016,$427.16 , $-   
Nigeria,Abuja,Western,Public,10/7/2016,$705.15 ,$49.36 
Burundi,Bujumbura,Eastern,Commercial,10/8/2016,$181.34 ,($12.69)
Zambia,Lusaka,Eastern,Commercial,10/8/2016,$791.05 ,($47.46)
Algeria,Algiers,Northern,Residential,10/11/2016,$651.66 ,($32.58)
Somalia,Mogadishu,Eastern,Commercial,10/11/2016,$116.04 ,$11.60 
South Africa,Cape Town,Southern,Commercial,10/13/2016,$993.94 ,($49.70)
Togo,Lome,Western,Public,10/13/2016,$346.36 ,($24.25)
Eritrea,Asmara,Eastern,Residential,10/14/2016,$310.64 ,$3.11 
Mozambique,Maputo,Eastern,Public,10/17/2016,$159.81 ,($11.19)
Central African Republic,Bangui,Middle,Residential,10/19/2016,$687.01 ,($13.74)
Swaziland,Mbabane,Southern,Residential,10/19/2016,$801.25 ,($40.06)
Tunisia,Tunis,Northern,Residential,10/27/2016,$665.22 ,$33.26 
Sao Tome and Principe,Sao Tome,Middle,Residential,10/28/2016,$120.74 ,$3.62 
South Sudan,Juba,Eastern,Public,10/28/2016,$579.24 ,$40.55 
South Africa,Pretoria,Southern,Commercial,11/7/2016,$421.23 ,$4.21 
Nigeria,Lagos,Western,Residential,11/14/2016,$119.23 ,($8.35)
Egypt,Cairo,Northern,Commercial,11/16/2016,$506.78 ,($10.14)
Malawi,Lilongwe,Eastern,Residential,11/18/2016,$695.82 ,$62.62 
Libya,Tripoli,Northern,Commercial,11/19/2016,$106.59 ,($6.40)
Angola,Luanda,Middle,Commercial,11/20/2016,$878.19 ,$61.47 
Ethiopia,Addis Ababa,Eastern,Commercial,11/20/2016,$649.92 ,($6.50)
Seychelles,Victoria,Eastern,Commercial,11/21/2016,$20.98 ,$0.21 
South Africa,Johannesburg,Southern,Commercial,11/22/2016,$850.02 ,($51.00)
Djibouti,Djibouti,Eastern,Commercial,11/28/2016,$338.99 ,($6.78)
Benin,Porto-Novo,Western,Residential,12/3/2016,$830.33 ,($8.30)
Cameroon,Yaoundé,Middle,Public,12/4/2016,$403.75 ,($12.11)
Sudan,Khartoum,Northern,Public,12/4/2016,$679.30 ,$47.55 
Uganda,Kampala,Eastern,Public,12/4/2016,$680.17 ,$68.02 
Morocco,Rabat,Northern,Commercial,12/5/2016,$184.49 ,($7.38)
Democratic Republic of the Congo,Mbuji-Mayi,Middle,Public,12/7/2016,$481.62 ,$14.45 
Namibia,Windhoek,Southern,Public,12/7/2016,$951.26 ,$95.13 
Congo,Brazzaville,Middle,Commercial,12/8/2016,$535.14 ,($26.76)
Guinea-Bissau,Bissau,Western,Commercial,12/11/2016,$428.02 ,$38.52 
Madagascar,Antananarivo,Eastern,Residential,12/11/2016,$32.73 ,($0.65)
Ghana,Kumasi,Western,Public,12/16/2016,$432.32 ,$17.29 
Zimbabwe,Harare,Eastern,Residential,12/20/2016,$394.28 ,($23.66)
Malawi,Blantyre,Eastern,Residential,12/21/2016,$333.07 ,($16.65)
Liberia,Monrovia,Western,Residential,12/22/2016,$133.26 ,($8.00)
Kenya,Nairobi,Eastern,Public,12/28/2016,$737.57 ,$36.88 
United Republic of Tanzania,Dar es Salaam,Eastern,Residential,12/28/2016,$859.82 ,($60.19)
